<?xml version="1.0" encoding="UTF-8"?><collection xmlns="http://www.loc.gov/MARC21/slim"><record><leader>00349nam--2200133-i-4500</leader><controlfield tag="001">000044877</controlfield><controlfield tag="002">20161230</controlfield><controlfield tag="005">20161230201044</controlfield><controlfield tag="008">060222s1000------------r-----000-0-eng-d</controlfield><datafield ind1=" " ind2=" " tag="080"><subfield code="a">016:92</subfield></datafield><datafield ind1=" " ind2=" " tag="245"><subfield code="a">Gheorghe titeica (1873-1939)</subfield></datafield><datafield ind1=" " ind2=" " tag="260"><subfield code="a">Bucuresti, Ed.Acad.R.S.R., 1955, 69p</subfield></datafield><datafield ind1=" " ind2=" " tag="490"><subfield code="a">Bibl.Acad.R.S.R.-seria Bio-bibliografii</subfield></datafield><datafield ind1=" " ind2=" " tag="852"><subfield code="a">D.1282</subfield></datafield></record></collection>